%% Manually added 
@misc{NIST:DLMF,
  title = {{{NIST}} Digital Library of Mathematical Functions},
  author = {F. W. J. Olver and A. B. Olde Daalhuis and D. W. Lozier and B. I. Schneider and R. F. Boisvert and C. W. Clark and B. R. Miller and B. V. Saunders and H. S. Cohl and M. A. McClain},
  url = {http://dlmf.nist.gov/},
  howpublished = {Release 1.1.3 of 2021-09-15}
}