
@article{adlerAxialVectorVertexSpinor1969,
  title = {Axial-{{Vector Vertex}} in {{Spinor Electrodynamics}}},
  author = {Adler, Stephen L.},
  date = {1969-01-25},
  journaltitle = {Physical Review},
  shortjournal = {Phys. Rev.},
  volume = {177},
  number = {5},
  pages = {2426--2438},
  publisher = {{American Physical Society}},
  doi = {10.1103/PhysRev.177.2426},
  url = {https://link.aps.org/doi/10.1103/PhysRev.177.2426},
  urldate = {2022-06-23}
}

@article{arjonaCollapseLandauLevels2017,
  title = {Collapse of {{Landau}} Levels in {{Weyl}} Semimetals},
  author = {Arjona, Vicente and Castro, Eduardo V. and Vozmediano, María A. H.},
  date = {2017-08-17},
  journaltitle = {Physical Review B},
  shortjournal = {Phys. Rev. B},
  volume = {96},
  number = {8},
  eprint = {1703.05399},
  eprinttype = {arxiv},
  pages = {081110},
  issn = {2469-9950, 2469-9969},
  doi = {10.1103/PhysRevB.96.081110},
  url = {http://arxiv.org/abs/1703.05399},
  urldate = {2022-02-04},
  archiveprefix = {arXiv},
  keywords = {Condensed Matter - Mesoscale and Nanoscale Physics}
}

@article{arjonaFingerprintsConformalAnomaly2019,
  title = {Fingerprints of the Conformal Anomaly on the Thermoelectric Transport in {{Dirac}} and {{Weyl}} Semimetals: {{Result}} from a {{Kubo}} Formula},
  shorttitle = {Fingerprints of the Conformal Anomaly on the Thermoelectric Transport in {{Dirac}} and {{Weyl}} Semimetals},
  author = {Arjona, Vicente and Chernodub, Maxim N. and Vozmediano, María A. H.},
  date = {2019-06-10},
  journaltitle = {Physical Review B},
  shortjournal = {Phys. Rev. B},
  volume = {99},
  number = {23},
  eprint = {1902.02358},
  eprinttype = {arxiv},
  pages = {235123},
  issn = {2469-9950, 2469-9969},
  doi = {10.1103/PhysRevB.99.235123},
  url = {http://arxiv.org/abs/1902.02358},
  urldate = {2021-10-26},
  archiveprefix = {arXiv},
  keywords = {Condensed Matter - Mesoscale and Nanoscale Physics,High Energy Physics - Theory}
}

@thesis{arjonaromanoNovelThermoelectricElastic2019,
  type = {phdthesis},
  title = {Novel Thermoelectric and Elastic Responses in {{Dirac}} Matter},
  author = {Arjona Romano, Vicente},
  date = {2019-12-13},
  institution = {{Autonomous University of Madrid}},
  location = {{Madrid, Spain}},
  url = {https://repositorio.uam.es/handle/10486/690486},
  urldate = {2022-04-26},
  langid = {english},
  annotation = {Accepted: 2020-03-09T16:11:08Z}
}

@unpublished{arjonaThermoelectricRelationsConformal2020,
  title = {Thermoelectric Relations in the Conformal Limit in {{Dirac}} and {{Weyl}} Semimetals},
  author = {Arjona, Vicente and Borge, Juan and Vozmediano, María A. H.},
  date = {2020-05-14},
  eprint = {1903.00019},
  eprinttype = {arxiv},
  primaryclass = {cond-mat},
  doi = {10.3390/sym12050814},
  url = {http://arxiv.org/abs/1903.00019},
  urldate = {2021-10-13},
  archiveprefix = {arXiv},
  keywords = {Condensed Matter - Mesoscale and Nanoscale Physics,conformal anomaly,thermoelectric relations,Weyl semimetals}
}

@article{armitageWeylDiracSemimetals2018,
  title = {Weyl and {{Dirac}} Semimetals in Three-Dimensional Solids},
  author = {Armitage, N. P. and Mele, E. J. and Vishwanath, Ashvin},
  date = {2018-01-22},
  journaltitle = {Reviews of Modern Physics},
  shortjournal = {Rev. Mod. Phys.},
  volume = {90},
  number = {1},
  pages = {015001},
  publisher = {{American Physical Society}},
  doi = {10.1103/RevModPhys.90.015001},
  url = {https://link.aps.org/doi/10.1103/RevModPhys.90.015001},
  urldate = {2021-09-14}
}

@article{basarChiralMagneticEffect2012,
  title = {The {{Chiral Magnetic Effect}} and {{Axial Anomalies}}},
  author = {Basar, Gokce and Dunne, Gerald V.},
  date = {2012-07-17},
  doi = {10.1007/978-3-642-37305-3_10},
  url = {https://arxiv.org/abs/1207.4199v1},
  urldate = {2021-10-13},
  langid = {english}
}

@article{bellPCACPuzzleP01969,
  title = {A PCAC puzzle: \(\pi^0 \rightarrow \gamma\gamma\) in the \(\sigma\)-Model},
  shorttitle = {A {{PCAC}} Puzzle},
  author = {Bell, J. S. and Jackiw, R.},
  date = {1969-03-01},
  journaltitle = {Il Nuovo Cimento A (1965-1970)},
  shortjournal = {Nuovo Cimento A (1965-1970)},
  volume = {60},
  number = {1},
  pages = {47--61},
  issn = {1826-9869},
  doi = {10.1007/BF02823296},
  url = {https://doi.org/10.1007/BF02823296},
  urldate = {2022-06-23},
  langid = {english},
  keywords = {Auxiliary Field,Axial Current,Mind Parity,Pion Mass,Surface Term}
}

@book{bernevigTopologicalInsulatorsTopological2013,
  title = {Topological Insulators and Topological Superconductors},
  author = {Bernevig, B. Andrei and Hughes, Taylor L.},
  date = {2013},
  publisher = {{Princeton University Press}},
  location = {{Princeton}},
  isbn = {978-0-691-15175-5},
  pagetotal = {247},
  keywords = {Energy-band theory of solids,Mathematics,SCIENCE / Electricity,SCIENCE / Magnetism,SCIENCE / Solid State Physics,Solid state physics,Superconductivity,Superconductors}
}

@article{berryQuantalPhaseFactors1984,
  title = {Quantal Phase Factors Accompanying Adiabatic Changes},
  author = {Berry, M.},
  date = {1984},
  journaltitle = {Proceedings of the Royal Society of London. A. Mathematical and Physical Sciences},
  doi = {10.1098/rspa.1984.0023}
}

@book{bertlmannAnomaliesQuantumField1996,
  title = {Anomalies in Quantum Field Theory},
  author = {Bertlmann, Reinhold A.},
  date = {1996},
  series = {Oxford Science Publications},
  number = {91},
  publisher = {{Clarendon Press}},
  location = {{Oxford ; New York}},
  isbn = {978-0-19-852047-4},
  pagetotal = {566},
  keywords = {Geometry; Differential,Mathematical physics,Mathematics,Quantum field theory}
}

@unpublished{bilalLecturesAnomalies2008,
  title = {Lectures on {{Anomalies}}},
  author = {Bilal, Adel},
  date = {2008-02-05},
  eprint = {0802.0634},
  eprinttype = {arxiv},
  primaryclass = {hep-th},
  url = {http://arxiv.org/abs/0802.0634},
  urldate = {2022-05-12},
  archiveprefix = {arXiv},
  keywords = {High Energy Physics - Theory}
}

@article{burkovChiralAnomalyTransport2015,
  title = {Chiral Anomaly and Transport in {{Weyl}} Metals},
  author = {Burkov, A. A.},
  date = {2015-02},
  journaltitle = {Journal of Physics: Condensed Matter},
  shortjournal = {J. Phys.: Condens. Matter},
  volume = {27},
  number = {11},
  pages = {113201},
  publisher = {{IOP Publishing}},
  issn = {0953-8984},
  doi = {10.1088/0953-8984/27/11/113201},
  url = {https://doi.org/10.1088/0953-8984/27/11/113201},
  urldate = {2021-12-12},
  langid = {english}
}

@article{burkovTopologicalNodalSemimetals2011,
  title = {Topological Nodal Semimetals},
  author = {Burkov, A. A. and Hook, M. D. and Balents, Leon},
  date = {2011-12-20},
  journaltitle = {Physical Review B},
  shortjournal = {Phys. Rev. B},
  volume = {84},
  number = {23},
  eprint = {1110.1089},
  eprinttype = {arxiv},
  pages = {235126},
  issn = {1098-0121, 1550-235X},
  doi = {10.1103/PhysRevB.84.235126},
  url = {http://arxiv.org/abs/1110.1089},
  urldate = {2021-12-05},
  archiveprefix = {arXiv},
  keywords = {Condensed Matter - Mesoscale and Nanoscale Physics}
}

@article{burkovTopologicalSemimetals2016,
  title = {Topological Semimetals},
  author = {Burkov, A. A.},
  date = {2016-11},
  journaltitle = {Nature Materials},
  shortjournal = {Nature Mater},
  volume = {15},
  number = {11},
  pages = {1145--1148},
  publisher = {{Nature Publishing Group}},
  issn = {1476-4660},
  doi = {10.1038/nmat4788},
  url = {https://www.nature.com/articles/nmat4788},
  urldate = {2021-08-30},
  issue = {11},
  langid = {english},
  annotation = {Bandiera\_abtest: a Cg\_type: Nature Research Journals Primary\_atype: Comments \& Opinion Subject\_term: Electronic properties and materials;Quantum mechanics;Quantum physics;Topological matter Subject\_term\_id: electronic-properties-and-materials;quantum-mechanics;quantum-physics;topological-matter}
}

@misc{changLectureNotesManybody2018,
  title = {Lecture Notes for {{Manybody Physics I}}},
  author = {Chang, Ming-Che},
  date = {2018-01-03},
  url = {https://phy.ntnu.edu.tw/~changmc/Teach/Manybody/ch03.pdf},
  urldate = {2021-10-21}
}

@article{chernodubAnomalousGravitationalTTT2020,
  title = {Anomalous Gravitational {{TTT}} Vertex, Temperature Inhomogeneity, and Pressure Anisotropy},
  author = {Chernodub, M. N. and Corianò, Claudio and Maglio, Matteo Maria},
  date = {2020-03-10},
  journaltitle = {Physics Letters B},
  shortjournal = {Physics Letters B},
  volume = {802},
  pages = {135236},
  issn = {0370-2693},
  doi = {10.1016/j.physletb.2020.135236},
  url = {https://www.sciencedirect.com/science/article/pii/S037026932030040X},
  urldate = {2022-04-25},
  langid = {english},
  keywords = {Conformal anomaly,Curved spacetime,Thermodynamics}
}

@article{chernodubAnomalousTransportDue2016,
  title = {Anomalous {{Transport Due}} to the {{Conformal Anomaly}}},
  author = {Chernodub, M. N.},
  date = {2016-09-28},
  journaltitle = {Physical Review Letters},
  shortjournal = {Phys. Rev. Lett.},
  volume = {117},
  number = {14},
  pages = {141601},
  publisher = {{American Physical Society}},
  doi = {10.1103/PhysRevLett.117.141601},
  url = {https://link.aps.org/doi/10.1103/PhysRevLett.117.141601},
  urldate = {2021-10-12}
}

@article{chernodubConformalMagneticEffect2019,
  title = {Conformal Magnetic Effect at the Edge: A Numerical Study in Scalar {{QED}}},
  shorttitle = {Conformal Magnetic Effect at the Edge},
  author = {Chernodub, M. N. and Goy, V. A. and Molochkov, A. V.},
  date = {2019-02},
  journaltitle = {Physics Letters B},
  shortjournal = {Physics Letters B},
  volume = {789},
  eprint = {1811.05411},
  eprinttype = {arxiv},
  pages = {556--561},
  issn = {03702693},
  doi = {10.1016/j.physletb.2019.01.003},
  url = {http://arxiv.org/abs/1811.05411},
  urldate = {2021-10-28},
  archiveprefix = {arXiv},
  keywords = {Condensed Matter - Mesoscale and Nanoscale Physics,High Energy Physics - Lattice,High Energy Physics - Theory}
}

@article{chernodubGenerationNernstCurrent2018,
  title = {Generation of a {{Nernst Current}} from the {{Conformal Anomaly}} in {{Dirac}} and {{Weyl Semimetals}}},
  author = {Chernodub, M. N. and Cortijo, Alberto and Vozmediano, María A. H.},
  date = {2018-05-14},
  journaltitle = {Physical Review Letters},
  shortjournal = {Phys. Rev. Lett.},
  volume = {120},
  number = {20},
  pages = {206601},
  publisher = {{American Physical Society}},
  doi = {10.1103/PhysRevLett.120.206601},
  url = {https://link.aps.org/doi/10.1103/PhysRevLett.120.206601},
  urldate = {2021-10-26}
}

@article{chernodubScaleMagneticEffect2017,
  title = {Scale {{Magnetic Effect}} in {{Quantum Electrodynamics}} and the {{Wigner-Weyl Formalism}}},
  author = {Chernodub, M. N. and Zubkov, M. A.},
  date = {2017-09-12},
  journaltitle = {Physical Review D},
  shortjournal = {Phys. Rev. D},
  volume = {96},
  number = {5},
  eprint = {1703.06516},
  eprinttype = {arxiv},
  pages = {056006},
  issn = {2470-0010, 2470-0029},
  doi = {10.1103/PhysRevD.96.056006},
  url = {http://arxiv.org/abs/1703.06516},
  urldate = {2021-10-28},
  archiveprefix = {arXiv},
  version = {2},
  keywords = {Condensed Matter - Mesoscale and Nanoscale Physics,General Relativity and Quantum Cosmology,High Energy Physics - Theory}
}

@unpublished{chernodubThermalTransportGeometry2021,
  title = {Thermal Transport, Geometry, and Anomalies},
  author = {Chernodub, Maxim N. and Ferreiros, Yago and Grushin, Adolfo G. and Landsteiner, Karl and Vozmediano, María A. H.},
  date = {2021-10-11},
  eprint = {2110.05471},
  eprinttype = {arxiv},
  primaryclass = {cond-mat, physics:hep-th},
  doi = {10.48550/ARXIV.2110.05471},
  url = {http://arxiv.org/abs/2110.05471},
  urldate = {2021-10-22},
  archiveprefix = {arXiv},
  keywords = {Condensed Matter - Materials Science,Condensed Matter - Mesoscale and Nanoscale Physics,High Energy Physics - Theory}
}

@article{chowStudiesOxygenBinding1975,
  title = {Studies of Oxygen Binding Energy to Hemoglobin Molecule},
  author = {Chow, Y. W. and Pietranico, R. and Mukerji, A.},
  date = {1975-10-27},
  journaltitle = {Biochemical and Biophysical Research Communications},
  shortjournal = {Biochem Biophys Res Commun},
  volume = {66},
  number = {4},
  eprint = {6},
  eprinttype = {pmid},
  pages = {1424--1431},
  issn = {0006-291X},
  doi = {10.1016/0006-291x(75)90518-5},
  langid = {english},
  keywords = {Binding Sites,Cobalt,Hemoglobins,Humans,Hydrogen-Ion Concentration,Iron,Ligands,Mathematics,Oxygen,Oxyhemoglobins,Protein Binding,Spectrum Analysis}
}

@book{dauriaSpecialRelativityFeynman2012,
  title = {From {{Special Relativity}} to {{Feynman Diagrams}}},
  author = {D'Auria, Riccardo and Trigiante, Mario},
  date = {2012},
  series = {{{UNITEXT}}},
  publisher = {{Springer Milan}},
  location = {{Milano}},
  doi = {10.1007/978-88-470-1504-3},
  url = {http://link.springer.com/10.1007/978-88-470-1504-3},
  urldate = {2022-05-11},
  isbn = {978-88-470-1503-6 978-88-470-1504-3},
  langid = {english}
}

@article{ellisTikZFeynmanFeynmanDiagrams2017,
  title = {{{TikZ-Feynman}}: {{Feynman}} Diagrams with {{TikZ}}},
  shorttitle = {{{TikZ-Feynman}}},
  author = {Ellis, Joshua},
  date = {2017-01},
  journaltitle = {Computer Physics Communications},
  shortjournal = {Computer Physics Communications},
  volume = {210},
  eprint = {1601.05437},
  eprinttype = {arxiv},
  primaryclass = {hep-ph},
  pages = {103--123},
  issn = {00104655},
  doi = {10.1016/j.cpc.2016.08.019},
  url = {http://arxiv.org/abs/1601.05437},
  urldate = {2022-06-06},
  archiveprefix = {arXiv},
  keywords = {High Energy Physics - Phenomenology}
}

@unpublished{engelTheorySpinHall2007,
  title = {Theory of {{Spin Hall Effects}} in {{Semiconductors}}},
  author = {Engel, Hans-Andreas and Rashba, Emmanuel I. and Halperin, Bertrand I.},
  date = {2007-05-23},
  eprint = {cond-mat/0603306},
  eprinttype = {arxiv},
  doi = {10.48550/ARXIV.COND-MAT/0603306},
  url = {http://arxiv.org/abs/cond-mat/0603306},
  urldate = {2021-09-20},
  archiveprefix = {arXiv},
  langid = {english},
  related = {kronmullerHandbookMagnetismAdvanced2007},
  relatedtype = {reprintfrom},
  keywords = {Condensed Matter - Mesoscale and Nanoscale Physics}
}

@article{ferreirosAnomalousNernstThermal2017,
  title = {Anomalous {{Nernst}} and Thermal {{Hall}} Effects in Tilted {{Weyl}} Semimetals},
  author = {Ferreiros, Yago and Zyuzin, A. A. and Bardarson, Jens H.},
  date = {2017-09-08},
  journaltitle = {Physical Review B},
  shortjournal = {Phys. Rev. B},
  volume = {96},
  number = {11},
  pages = {115202},
  publisher = {{American Physical Society}},
  doi = {10.1103/PhysRevB.96.115202},
  url = {https://link.aps.org/doi/10.1103/PhysRevB.96.115202},
  urldate = {2022-05-02}
}

@article{forgerCurrentsEnergyMomentumTensor2004,
  title = {Currents and the {{Energy-Momentum Tensor}} in {{Classical Field Theory}}: {{A}} Fresh Look at an {{Old Problem}}},
  shorttitle = {Currents and the {{Energy-Momentum Tensor}} in {{Classical Field Theory}}},
  author = {Forger, Michael and Römer, Hartmann},
  date = {2004-02},
  journaltitle = {Annals of Physics},
  shortjournal = {Annals of Physics},
  volume = {309},
  number = {2},
  eprint = {hep-th/0307199},
  eprinttype = {arxiv},
  pages = {306--389},
  issn = {00034916},
  doi = {10.1016/j.aop.2003.08.011},
  url = {http://arxiv.org/abs/hep-th/0307199},
  urldate = {2022-05-30},
  archiveprefix = {arXiv},
  keywords = {High Energy Physics - Theory,Mathematical Physics}
}

@article{fruchartIntroductionTopologicalInsulators2013,
  title = {An {{Introduction}} to {{Topological Insulators}}},
  author = {Fruchart, Michel and Carpentier, David},
  date = {2013-11},
  journaltitle = {Comptes Rendus Physique},
  shortjournal = {Comptes Rendus Physique},
  volume = {14},
  number = {9-10},
  eprint = {1310.0255},
  eprinttype = {arxiv},
  pages = {779--815},
  issn = {16310705},
  doi = {10.1016/j.crhy.2013.09.013},
  url = {http://arxiv.org/abs/1310.0255},
  urldate = {2021-12-12},
  archiveprefix = {arXiv},
  keywords = {Condensed Matter - Materials Science,Condensed Matter - Mesoscale and Nanoscale Physics}
}

@article{fujikawaCommentChiralConformal1980,
  title = {Comment on {{Chiral}} and {{Conformal Anomalies}}},
  author = {Fujikawa, Kazuo},
  date = {1980-06-30},
  journaltitle = {Physical Review Letters},
  shortjournal = {Phys. Rev. Lett.},
  volume = {44},
  number = {26},
  pages = {1733--1736},
  publisher = {{American Physical Society}},
  doi = {10.1103/PhysRevLett.44.1733},
  url = {https://link.aps.org/doi/10.1103/PhysRevLett.44.1733},
  urldate = {2021-10-13}
}

@book{giulianiQuantumTheoryElectron2005,
  title = {Quantum {{Theory}} of the {{Electron Liquid}}},
  author = {Giuliani, Gabriele and Vignale, Giovanni},
  date = {2005},
  publisher = {{Cambridge University Press}},
  location = {{Cambridge}},
  doi = {10.1017/CBO9780511619915},
  url = {https://www.cambridge.org/core/books/quantum-theory-of-the-electron-liquid/EA75F41350A1C41D5E1BD202D539BB9E},
  urldate = {2021-09-30},
  isbn = {978-0-521-52796-5}
}

@article{goerbigElectronicPropertiesGraphene2011,
  title = {Electronic Properties of Graphene in a Strong Magnetic Field},
  author = {Goerbig, M. O.},
  date = {2011-11-03},
  journaltitle = {Reviews of Modern Physics},
  shortjournal = {Rev. Mod. Phys.},
  volume = {83},
  number = {4},
  pages = {1193--1243},
  issn = {0034-6861, 1539-0756},
  doi = {10.1103/RevModPhys.83.1193},
  url = {https://link.aps.org/doi/10.1103/RevModPhys.83.1193},
  urldate = {2022-03-22},
  langid = {english}
}

@article{gotayStressEnergyMomentumTensorsBelinfanteRosenfeld2001,
  title = {Stress-{{Energy-Momentum Tensors}} and the {{Belinfante-Rosenfeld Formula}}},
  author = {Gotay, Mark and Marsden, Jerrold},
  date = {2001-05-06},
  journaltitle = {Contemp. Math.},
  shortjournal = {Contemp. Math.},
  volume = {132},
  issn = {9780821851449},
  doi = {10.1090/conm/132/1188448}
}

@book{gradshteinTableIntegralsSeries2015,
  title = {Table of Integrals, Series, and Products},
  author = {Gradshteĭn, I. S. and Zwillinger, Daniel},
  date = {2015},
  edition = {Eighth edition},
  publisher = {{Elsevier, Academic Press is an imprint of Elsevier}},
  location = {{Amsterdam and Boston}},
  isbn = {978-0-12-384933-5},
  langid = {english},
  pagetotal = {1133},
  keywords = {Mathematics,Tables}
}

@article{gusyninAnomalousAbsorptionLine2007,
  title = {Anomalous {{Absorption Line}} in the {{Magneto-Optical Response}} of {{Graphene}}},
  author = {Gusynin, V. P. and Sharapov, S. G. and Carbotte, J. P.},
  date = {2007-04-11},
  journaltitle = {Physical Review Letters},
  shortjournal = {Phys. Rev. Lett.},
  volume = {98},
  number = {15},
  pages = {157402},
  issn = {0031-9007, 1079-7114},
  doi = {10.1103/PhysRevLett.98.157402},
  url = {https://link.aps.org/doi/10.1103/PhysRevLett.98.157402},
  urldate = {2022-04-04},
  langid = {english}
}

@unpublished{hagiwaraLinkWeylfermionChirality2022,
  title = {Link between {{Weyl-fermion}} Chirality and Spin Texture},
  author = {Hagiwara, Kenta and Rüßmann, Philipp and Tan, Xin Liang and Chen, Ying-Jiun and Ueno, Keiji and Feyer, Vitaliy and Zamborlini, Giovanni and Jugovac, Matteo and Suga, Shigemasa and Blügel, Stefan and Schneider, Claus Michael and Tusche, Christian},
  date = {2022-05-30},
  number = {arXiv:2205.15252},
  eprint = {2205.15252},
  eprinttype = {arxiv},
  primaryclass = {cond-mat},
  publisher = {{arXiv}},
  doi = {10.48550/arXiv.2205.15252},
  url = {http://arxiv.org/abs/2205.15252},
  urldate = {2022-05-31},
  archiveprefix = {arXiv},
  version = {1},
  keywords = {Condensed Matter - Materials Science}
}

@article{herringAccidentalDegeneracyEnergy1937,
  title = {Accidental {{Degeneracy}} in the {{Energy Bands}} of {{Crystals}}},
  author = {Herring, Conyers},
  date = {1937-08-15},
  journaltitle = {Physical Review},
  shortjournal = {Phys. Rev.},
  volume = {52},
  number = {4},
  pages = {365--373},
  publisher = {{American Physical Society}},
  doi = {10.1103/PhysRev.52.365},
  url = {https://link.aps.org/doi/10.1103/PhysRev.52.365},
  urldate = {2021-09-10}
}

@article{holsteinAdiabaticTheoremBerry1989,
  title = {The Adiabatic Theorem and {{Berry}}’s Phase},
  author = {Holstein, Barry R.},
  date = {1989-12-01},
  journaltitle = {American Journal of Physics},
  volume = {57},
  number = {12},
  pages = {1079--1084},
  publisher = {{American Association of Physics Teachers}},
  issn = {0002-9505},
  doi = {10.1119/1.15793},
  url = {https://aapt.scitation.org/doi/10.1119/1.15793},
  urldate = {2021-09-16}
}

@book{itzyksonQuantumFieldTheory1980,
  title = {Quantum Field Theory},
  author = {Itzykson, Claude and Zuber, Jean Bernard},
  date = {1980},
  series = {International Series in Pure and Applied Physics},
  publisher = {{McGraw-Hill International Book Co}},
  location = {{New York}},
  isbn = {978-0-07-032071-0},
  pagetotal = {705},
  keywords = {Quantum field theory}
}

@article{janikComplaintsMentallyDisordered1977,
  title = {[Complaints of the mentally disordered (author's transl)]},
  author = {Janík, A.},
  date = {1977-02},
  journaltitle = {Ceskoslovenska Psychiatrie},
  shortjournal = {Cesk Psychiatr},
  volume = {73},
  number = {1},
  eprint = {852047},
  eprinttype = {pmid},
  pages = {1--4},
  issn = {0069-2336},
  langid = {czech},
  keywords = {Attitude to Health,Czechoslovakia,Female,Hospitalization,Humans,Male,Mental Disorders,Physician-Patient Relations,Social Isolation,Social Problems}
}

@article{jiaWeylSemimetalsFermi2016,
  title = {Weyl Semimetals, {{Fermi}} Arcs and Chiral Anomalies},
  author = {Jia, Shuang and Xu, Su-Yang and Hasan, M. Zahid},
  date = {2016-11},
  journaltitle = {Nature Materials},
  shortjournal = {Nature Mater},
  volume = {15},
  number = {11},
  pages = {1140--1144},
  publisher = {{Nature Publishing Group}},
  issn = {1476-4660},
  doi = {10.1038/nmat4787},
  url = {https://www.nature.com/articles/nmat4787/},
  urldate = {2022-06-17},
  issue = {11},
  langid = {english},
  keywords = {Electronic properties and materials,Quantum mechanics,Quantum physics,Topological matter}
}

@book{kachelriessQuantumFieldsHubble2018,
  title = {Quantum Fields: From the {{Hubble}} to the {{Planck Scale}}},
  shorttitle = {Quantum Fields},
  author = {Kachelriess, Michael},
  date = {2018},
  series = {Oxford Graduate Texts},
  edition = {First edition},
  publisher = {{Oxford University Press}},
  location = {{Oxford}},
  isbn = {978-0-19-880287-7},
  pagetotal = {528},
  keywords = {Quantum field theory},
  annotation = {OCLC: on1012892403}
}

@unpublished{kaplanChiralSymmetryLattice2012,
  title = {Chiral {{Symmetry}} and {{Lattice Fermions}}},
  author = {Kaplan, David B.},
  date = {2012-01-18},
  eprint = {0912.2560},
  eprinttype = {arxiv},
  primaryclass = {hep-lat, physics:hep-ph, physics:hep-th},
  url = {http://arxiv.org/abs/0912.2560},
  urldate = {2021-10-15},
  archiveprefix = {arXiv},
  keywords = {High Energy Physics - Lattice,High Energy Physics - Phenomenology,High Energy Physics - Theory}
}

@article{klitzingNewMethodHighAccuracy1980,
  title = {New {{Method}} for {{High-Accuracy Determination}} of the {{Fine-Structure Constant Based}} on {{Quantized Hall Resistance}}},
  author = {v. Klitzing, K. and Dorda, G. and Pepper, M.},
  date = {1980-08-11},
  journaltitle = {Physical Review Letters},
  shortjournal = {Phys. Rev. Lett.},
  volume = {45},
  number = {6},
  pages = {494--497},
  publisher = {{American Physical Society}},
  doi = {10.1103/PhysRevLett.45.494},
  url = {https://link.aps.org/doi/10.1103/PhysRevLett.45.494},
  urldate = {2021-12-12}
}

@article{kouReviewQuantumHall2019,
  title = {Review of {{Quantum Hall Trio}}},
  author = {Kou, Xufeng and Fan, Yabin and Wang, Kang L.},
  date = {2019-05-01},
  journaltitle = {Journal of Physics and Chemistry of Solids},
  shortjournal = {Journal of Physics and Chemistry of Solids},
  series = {Spin-{{Orbit Coupled Materials}}},
  volume = {128},
  pages = {2--23},
  issn = {0022-3697},
  doi = {10.1016/j.jpcs.2017.10.016},
  url = {https://www.sciencedirect.com/science/article/pii/S0022369717304249},
  urldate = {2021-09-22},
  langid = {english},
  keywords = {Dissipationless edge conduction,Quantum anomalous Hall effect,Quantum Hall effect,Quantum spin Hall effect,Spin-orbit coupling}
}

@book{kronmullerHandbookMagnetismAdvanced2007,
  title = {Handbook of Magnetism and Advanced Magnetic Materials},
  editor = {Kronmüller, Helmut and Parkin, Stuart S. P.},
  date = {2007},
  publisher = {{John Wiley \& Sons}},
  location = {{Hoboken, NJ}},
  isbn = {978-0-470-02217-7},
  pagetotal = {5},
  keywords = {Magnetic materials,Magnetism}
}

@article{landauTheoryFermiLiquid1956,
  title = {The {{Theory}} of a {{Fermi Liquid}}},
  author = {Landau, L. D.},
  date = {1956},
  journaltitle = {Zh. Eksp. Teor. Fiz.},
  volume = {30},
  number = {6},
  pages = {1058},
  addendum = {[Sov. Phys. JETP 5 101 (1957)]}
}

@article{landsteinerGravitationalAnomalyTransport2011,
  title = {Gravitational {{Anomaly}} and {{Transport Phenomena}}},
  author = {Landsteiner, Karl and Megías, Eugenio and Pena-Benitez, Francisco},
  date = {2011-07-06},
  journaltitle = {Physical Review Letters},
  shortjournal = {Phys. Rev. Lett.},
  volume = {107},
  number = {2},
  pages = {021601},
  publisher = {{American Physical Society}},
  doi = {10.1103/PhysRevLett.107.021601},
  url = {https://link.aps.org/doi/10.1103/PhysRevLett.107.021601},
  urldate = {2022-04-26}
}

@book{linderIntermediateQuantumMechanics2017,
  title = {Intermediate {{Quantum Mechanics}}},
  author = {Linder, Jacob},
  date = {2017},
  edition = {1st},
  publisher = {{Bookboon}},
  isbn = {978-87-403-1783-1}
}

@article{lukoseNovelElectricField2007,
  title = {Novel {{Electric Field Effects}} on {{Landau Levels}} in {{Graphene}}},
  author = {Lukose, Vinu and Shankar, R. and Baskaran, G.},
  date = {2007-03-15},
  journaltitle = {Physical Review Letters},
  shortjournal = {Phys. Rev. Lett.},
  volume = {98},
  number = {11},
  pages = {116802},
  publisher = {{American Physical Society}},
  doi = {10.1103/PhysRevLett.98.116802},
  url = {https://link.aps.org/doi/10.1103/PhysRevLett.98.116802},
  urldate = {2022-03-22}
}

@article{lundgrenThermoelectricPropertiesWeyl2014,
  title = {Thermoelectric Properties of {{Weyl}} and {{Dirac}} Semimetals},
  author = {Lundgren, Rex and Laurell, Pontus and Fiete, Gregory A.},
  date = {2014-10-13},
  journaltitle = {Physical Review B},
  shortjournal = {Phys. Rev. B},
  volume = {90},
  number = {16},
  pages = {165115},
  publisher = {{American Physical Society}},
  doi = {10.1103/PhysRevB.90.165115},
  url = {https://link.aps.org/doi/10.1103/PhysRevB.90.165115},
  urldate = {2022-04-22}
}

@inreference{LuttingerTheorem2021,
  title = {Luttinger's Theorem},
  booktitle = {Wikipedia},
  date = {2021-01-13T17:54:20Z},
  url = {https://en.wikipedia.org/w/index.php?title=Luttinger%27s_theorem&oldid=1000120744},
  urldate = {2021-10-04},
  langid = {english},
  annotation = {Page Version ID: 1000120744}
}

@article{luttingerTheoryThermalTransport1964,
  title = {Theory of {{Thermal Transport Coefficients}}},
  author = {Luttinger, J. M.},
  date = {1964-09-14},
  journaltitle = {Physical Review},
  shortjournal = {Phys. Rev.},
  volume = {135},
  pages = {A1505-A1514},
  issn = {0031-899X},
  doi = {10.1103/PhysRev.135.A1505},
  url = {https://link.aps.org/doi/10.1103/PhysRev.135.A1505},
  urldate = {2021-10-04},
  issue = {6A},
  langid = {english}
}

@book{mahanManyparticlePhysics2000,
  title = {Many-Particle Physics},
  author = {Mahan, Gerald D.},
  date = {2000},
  series = {Physics of Solids and Liquids},
  edition = {3rd ed},
  publisher = {{Kluwer Academic/Plenum Publishers}},
  location = {{New York}},
  isbn = {978-0-306-46338-9},
  pagetotal = {785},
  keywords = {Green's functions,Many-body problem,Solid state physics}
}

@article{manchonNewPerspectivesRashba2015,
  title = {New Perspectives for {{Rashba}} Spin–Orbit Coupling},
  author = {Manchon, A. and Koo, H. C. and Nitta, J. and Frolov, S. M. and Duine, R. A.},
  date = {2015-09},
  journaltitle = {Nature Materials},
  shortjournal = {Nature Mater},
  volume = {14},
  number = {9},
  pages = {871--882},
  publisher = {{Nature Publishing Group}},
  issn = {1476-4660},
  doi = {10.1038/nmat4360},
  url = {https://www.nature.com/articles/nmat4360},
  urldate = {2021-12-18},
  issue = {9},
  langid = {english},
  keywords = {Electronic properties and materials,Magnetic properties and materials,Spintronics},
  annotation = {Bandiera\_abtest: a Cg\_type: Nature Research Journals Primary\_atype: Reviews Subject\_term: Electronic properties and materials;Magnetic properties and materials;Spintronics Subject\_term\_id: electronic-properties-and-materials;magnetic-properties-and-materials;spintronics}
}

@misc{Mathematica,
  title = {Mathematica, {{Version}} 13.0.0},
  author = {Inc., Wolfram Research},
  url = {https://www.wolfram.com/mathematica}
}

@article{mccormickMinimalModelsTopological2017,
  title = {Minimal Models for Topological {{Weyl}} Semimetals},
  author = {McCormick, Timothy M. and Kimchi, Itamar and Trivedi, Nandini},
  date = {2017-02-21},
  journaltitle = {Physical Review B},
  shortjournal = {Phys. Rev. B},
  volume = {95},
  number = {7},
  pages = {075133},
  publisher = {{American Physical Society}},
  doi = {10.1103/PhysRevB.95.075133},
  url = {https://link.aps.org/doi/10.1103/PhysRevB.95.075133},
  urldate = {2022-02-08}
}

@article{nielsenAdlerBellJackiwAnomalyWeyl1983,
  title = {The {{Adler-Bell-Jackiw}} Anomaly and {{Weyl}} Fermions in a Crystal},
  author = {Nielsen, H. B. and Ninomiya, Masao},
  date = {1983-11-03},
  journaltitle = {Physics Letters B},
  shortjournal = {Physics Letters B},
  volume = {130},
  number = {6},
  pages = {389--396},
  issn = {0370-2693},
  doi = {10.1016/0370-2693(83)91529-0},
  url = {https://www.sciencedirect.com/science/article/pii/0370269383915290},
  urldate = {2021-10-14},
  langid = {english}
}

@online{NobelPrizePhysics,
  title = {The {{Nobel Prize}} in {{Physics}} 2016},
  url = {https://www.nobelprize.org/prizes/physics/2016/press-release/},
  urldate = {2021-12-12},
  langid = {american},
  organization = {{NobelPrize.org}}
}

@article{okudaSpinAngleResolvedPhotoemission2013,
  title = {Spin- and {{Angle-Resolved Photoemission}} of {{Strongly Spin}}–{{Orbit Coupled Systems}}},
  author = {Okuda, Taichi and Kimura, Akio},
  date = {2013-02-15},
  journaltitle = {Journal of the Physical Society of Japan},
  shortjournal = {J. Phys. Soc. Jpn.},
  volume = {82},
  number = {2},
  pages = {021002},
  publisher = {{The Physical Society of Japan}},
  issn = {0031-9015},
  doi = {10.7566/JPSJ.82.021002},
  url = {https://journals.jps.jp/doi/10.7566/JPSJ.82.021002},
  urldate = {2021-12-18},
  keywords = {Rashba effect,spin- and angle-resolved photoemission,spin–orbit coupling,topological insulator}
}

@misc{olverNISTDigitalLibrary,
  title = {{{NIST}} Digital Library of Mathematical Functions},
  author = {Olver, F. W. J. and Lozier, R. F. Boisvert, C. W. Clark, B. R. Miller, B. V. Saunders, H. S. Cohl A. B. Olde Daalhuis, D. W., B. I. Schneider and M. A. McClain, eds.},
  url = {http://dlmf.nist.gov/},
  annotation = {Release 1.1.3 of 2021-09-15}
}

@thesis{ottesenOpticalConductivityDirac2021,
  title = {Optical {{Conductivity}} of {{Dirac Fermions}} in {{Antiferromagnetic Semimetals}}},
  author = {Ottesen, Herman Lileng},
  date = {2021-06},
  institution = {{NTNU}},
  location = {{Trondheim, Norway}}
}

@unpublished{parkThermalHallResponse2021,
  title = {Thermal {{Hall}} Response: Violation of Gravitational Analogues and {{Einstein}} Relations},
  shorttitle = {Thermal {{Hall}} Response},
  author = {Park, Jinhong and Golan, Omri and Vinkler-Aviv, Yuval and Rosch, Achim},
  date = {2021-08-13},
  eprint = {2108.06162},
  eprinttype = {arxiv},
  primaryclass = {cond-mat, physics:hep-th},
  url = {http://arxiv.org/abs/2108.06162},
  urldate = {2021-10-01},
  archiveprefix = {arXiv},
  keywords = {Condensed Matter - Mesoscale and Nanoscale Physics,High Energy Physics - Theory}
}

@online{PhDResearchFellow,
  title = {{{PhD Research Fellow}} in {{Physics}} – {{Error}} Mitigation of Quantum Information (219817) | {{University}} of {{Oslo}}},
  url = {https://www.jobbnorge.no/en/available-jobs/job/219817/phd-research-fellow-in-physics-error-mitigation-of-quantum-information},
  urldate = {2022-02-28},
  langid = {english},
  organization = {{Jobbnorge.no}}
}

@article{ramazashviliZeemanSpinorbitCoupling2019,
  title = {Zeeman Spin-Orbit Coupling in Antiferromagnetic Conductors},
  author = {Ramazashvili, Revaz},
  date = {2019-05-01},
  journaltitle = {Journal of Physics and Chemistry of Solids},
  shortjournal = {Journal of Physics and Chemistry of Solids},
  series = {Spin-{{Orbit Coupled Materials}}},
  volume = {128},
  pages = {65--74},
  issn = {0022-3697},
  doi = {10.1016/j.jpcs.2018.09.033},
  url = {https://www.sciencedirect.com/science/article/pii/S0022369718304906},
  urldate = {2021-09-24},
  langid = {english}
}

@article{rodgersThermodynamicsTransportHolographic2021,
  title = {Thermodynamics and Transport of Holographic Nodal Line Semimetals},
  author = {Rodgers, Ronnie and Mauri, Enea and Gürsoy, Umut and Stoof, Henk T.C.},
  date = {2021-11-25},
  journaltitle = {Journal of High Energy Physics},
  shortjournal = {J. High Energ. Phys.},
  volume = {2021},
  number = {11},
  pages = {191},
  issn = {1029-8479},
  doi = {10.1007/JHEP11(2021)191},
  url = {https://doi.org/10.1007/JHEP11(2021)191},
  urldate = {2022-05-07},
  langid = {english},
  keywords = {AdS-CFT Correspondence,Gauge-gravity correspondence,Holography and condensed matter physics (AdS/CMT)}
}

@book{rottmannMatematiskFormelsamling1995,
  title = {Matematisk formelsamling},
  author = {Rottmann, Karl},
  date = {1995},
  publisher = {{Bracan forl.}},
  location = {{Oslo}},
  isbn = {978-82-7822-005-4},
  langid = {norsk},
  annotation = {OCLC: 1028319192}
}

@letter{royalswedishacademyofsciencesNobelPrizePhysics2016,
  type = {Press release},
  title = {The {{Nobel Prize}} in {{Physics}} 2016},
  author = {Royal Swedish Academy of Sciences},
  date = {2016-10-04},
  url = {https://www.nobelprize.org/prizes/physics/2016/press-release/},
  urldate = {2021-12-12},
  langid = {american}
}

@article{sahaAnomalousNernstEffect2018,
  title = {Anomalous {{Nernst}} Effect in Type-{{II Weyl}} Semimetals},
  author = {Saha, Subhodip and Tewari, Sumanta},
  date = {2018-01},
  journaltitle = {The European Physical Journal B},
  shortjournal = {Eur. Phys. J. B},
  volume = {91},
  number = {1},
  eprint = {1707.04117},
  eprinttype = {arxiv},
  pages = {4},
  issn = {1434-6028, 1434-6036},
  doi = {10.1140/epjb/e2017-80437-4},
  url = {http://arxiv.org/abs/1707.04117},
  urldate = {2022-02-17},
  archiveprefix = {arXiv},
  keywords = {Condensed Matter - Mesoscale and Nanoscale Physics}
}

@book{sakuraiModernQuantumMechanics2017,
  title = {Modern Quantum Mechanics},
  author = {Sakurai, Jun John and Napolitano, Jim},
  date = {2017},
  edition = {2nd ed},
  publisher = {{Cambridge university press}},
  location = {{Cambridge}},
  isbn = {978-1-108-42241-3},
  langid = {english}
}

@article{schnyderAccidentalSymmetryenforcedBand,
  title = {Accidental and Symmetry-Enforced Band Crossings in Topological Semimetals},
  author = {Schnyder, Andreas P},
  pages = {47},
  langid = {english}
}

@article{sharmaChiralAnomalyLongitudinal2017,
  title = {Chiral Anomaly and Longitudinal Magnetotransport in Type-{{II Weyl}} Semimetals},
  author = {Sharma, Girish and Goswami, Pallab and Tewari, Sumanta},
  date = {2017-07-13},
  journaltitle = {Physical Review B},
  shortjournal = {Phys. Rev. B},
  volume = {96},
  number = {4},
  pages = {045112},
  publisher = {{American Physical Society}},
  doi = {10.1103/PhysRevB.96.045112},
  url = {https://link.aps.org/doi/10.1103/PhysRevB.96.045112},
  urldate = {2022-02-02}
}

@unpublished{shastryElectroThermalTransport2008,
  title = {Electro {{Thermal Transport Coefficients}} at {{Finite Frequencies}}},
  author = {Shastry, B. Sriram},
  date = {2008-06-27},
  eprint = {0806.4629},
  eprinttype = {arxiv},
  primaryclass = {cond-mat},
  url = {http://arxiv.org/abs/0806.4629},
  urldate = {2021-10-08},
  archiveprefix = {arXiv},
  version = {1},
  keywords = {Condensed Matter - Statistical Mechanics,Condensed Matter - Strongly Correlated Electrons}
}

@article{shifmanAnomaliesGaugeTheories1991,
  title = {Anomalies in Gauge Theories},
  author = {Shifman, M. A.},
  date = {1991-12-01},
  journaltitle = {Physics Reports},
  shortjournal = {Physics Reports},
  volume = {209},
  number = {6},
  pages = {341--378},
  issn = {0370-1573},
  doi = {10.1016/0370-1573(91)90020-M},
  url = {https://www.sciencedirect.com/science/article/pii/037015739190020M},
  urldate = {2021-10-13},
  langid = {english}
}

@article{sinovaUniversalIntrinsicSpin2004,
  title = {Universal {{Intrinsic Spin Hall Effect}}},
  author = {Sinova, Jairo and Culcer, Dimitrie and Niu, Q. and Sinitsyn, N. A. and Jungwirth, T. and MacDonald, A. H.},
  date = {2004-03-25},
  journaltitle = {Physical Review Letters},
  shortjournal = {Phys. Rev. Lett.},
  volume = {92},
  number = {12},
  pages = {126603},
  publisher = {{American Physical Society}},
  doi = {10.1103/PhysRevLett.92.126603},
  url = {https://link.aps.org/doi/10.1103/PhysRevLett.92.126603},
  urldate = {2021-09-14}
}

@article{soluyanovTypeIIWeylSemimetals2015,
  title = {Type-{{II Weyl}} Semimetals},
  author = {Soluyanov, Alexey A. and Gresch, Dominik and Wang, Zhijun and Wu, QuanSheng and Troyer, Matthias and Dai, Xi and Bernevig, B. Andrei},
  date = {2015-11},
  journaltitle = {Nature},
  volume = {527},
  number = {7579},
  pages = {495--498},
  publisher = {{Nature Publishing Group}},
  issn = {1476-4687},
  doi = {10.1038/nature15768},
  url = {https://www.nature.com/articles/nature15768},
  urldate = {2022-01-24},
  issue = {7579},
  langid = {english},
  keywords = {Materials science,Topological matter},
  annotation = {Bandiera\_abtest: a Cg\_type: Nature Research Journals Primary\_atype: Research Subject\_term: Materials science;Topological matter Subject\_term\_id: materials-science;topological-matter}
}

@article{stoneGravitationalAnomaliesThermal2012,
  title = {Gravitational Anomalies and Thermal {{Hall}} Effect in Topological Insulators},
  author = {Stone, Michael},
  date = {2012-05-03},
  journaltitle = {Physical Review B},
  shortjournal = {Phys. Rev. B},
  volume = {85},
  number = {18},
  pages = {184503},
  publisher = {{American Physical Society}},
  doi = {10.1103/PhysRevB.85.184503},
  url = {https://link.aps.org/doi/10.1103/PhysRevB.85.184503},
  urldate = {2021-10-28}
}

@article{tangDiracFermionsAntiferromagnetic2016,
  title = {Dirac Fermions in an Antiferromagnetic Semimetal},
  author = {Tang, Peizhe and Zhou, Quan and Xu, Gang and Zhang, Shou-Cheng},
  date = {2016-12},
  journaltitle = {Nature Physics},
  shortjournal = {Nature Phys},
  volume = {12},
  number = {12},
  pages = {1100--1104},
  publisher = {{Nature Publishing Group}},
  issn = {1745-2481},
  doi = {10.1038/nphys3839},
  url = {https://www.nature.com/articles/nphys3839},
  urldate = {2021-09-02},
  issue = {12},
  langid = {english},
  annotation = {Bandiera\_abtest: a Cg\_type: Nature Research Journals Primary\_atype: Research Subject\_term: Electronic properties and materials;Topological matter Subject\_term\_id: electronic-properties-and-materials;topological-matter}
}

@article{tataraThermalVectorPotential2015,
  title = {Thermal {{Vector Potential Theory}} of {{Transport Induced}} by a {{Temperature Gradient}}},
  author = {Tatara, Gen},
  date = {2015-05-14},
  journaltitle = {Physical Review Letters},
  shortjournal = {Phys. Rev. Lett.},
  volume = {114},
  number = {19},
  pages = {196601},
  publisher = {{American Physical Society}},
  doi = {10.1103/PhysRevLett.114.196601},
  url = {https://link.aps.org/doi/10.1103/PhysRevLett.114.196601},
  urldate = {2021-10-01}
}

@article{tchoumakovMagneticDescriptionFermi2017,
  title = {Magnetic Description of the {{Fermi}} Arc in Type-{{I}} and Type-{{II Weyl}} Semimetals},
  author = {Tchoumakov, Serguei and Civelli, Marcello and Goerbig, Mark O},
  date = {2017},
  journaltitle = {PHYSICAL REVIEW B},
  pages = {17},
  langid = {english}
}

@article{tchoumakovMagneticFieldInducedRelativisticProperties2016,
  title = {Magnetic-{{Field-Induced Relativistic Properties}} in {{Type-I}} and {{Type-II Weyl Semimetals}}},
  author = {Tchoumakov, Serguei and Civelli, Marcello and Goerbig, Mark O.},
  date = {2016-08-16},
  journaltitle = {Physical Review Letters},
  shortjournal = {Phys. Rev. Lett.},
  volume = {117},
  number = {8},
  pages = {086402},
  publisher = {{American Physical Society}},
  doi = {10.1103/PhysRevLett.117.086402},
  url = {https://link.aps.org/doi/10.1103/PhysRevLett.117.086402},
  urldate = {2022-02-04}
}

@misc{tongGaugeTheoryLecture,
  title = {Gauge {{Theory}} Lecture Notes},
  author = {Tong, David},
  url = {https://www.damtp.cam.ac.uk/user/tong/gaugetheory.html},
  urldate = {2021-11-03},
  annotation = {https://www.damtp.cam.ac.uk/user/tong/gaugetheory.html}
}

@article{tseMagnetoopticalFaradayKerr2011,
  title = {Magneto-Optical {{Faraday}} and {{Kerr}} Effects in Topological Insulator Films and in Other Layered Quantized {{Hall}} Systems},
  author = {Tse, Wang-Kong and MacDonald, A. H.},
  date = {2011-11-21},
  journaltitle = {Physical Review B},
  shortjournal = {Phys. Rev. B},
  volume = {84},
  number = {20},
  pages = {205327},
  publisher = {{American Physical Society}},
  doi = {10.1103/PhysRevB.84.205327},
  url = {https://link.aps.org/doi/10.1103/PhysRevB.84.205327},
  urldate = {2022-04-04}
}

@incollection{turnerChapter11Band2013,
  title = {Chapter 11 - {{Beyond Band Insulators}}: {{Topology}} of {{Semimetals}} and {{Interacting Phases}}},
  shorttitle = {Chapter 11 - {{Beyond Band Insulators}}},
  booktitle = {Contemporary {{Concepts}} of {{Condensed Matter Science}}},
  author = {Turner, Ari M. and Vishwanath, Ashvin},
  editor = {Franz, Marcel and Molenkamp, Laurens},
  date = {2013-01-01},
  series = {Topological {{Insulators}}},
  volume = {6},
  pages = {293--324},
  publisher = {{Elsevier}},
  doi = {10.1016/B978-0-444-63314-9.00011-1},
  url = {https://www.sciencedirect.com/science/article/pii/B9780444633149000111},
  urldate = {2021-09-15},
  langid = {english}
}

@article{udagawaFieldSelectiveAnomalyChiral2016,
  title = {Field-{{Selective Anomaly}} and {{Chiral Mode Reversal}} in {{Type-II Weyl Materials}}},
  author = {Udagawa, M. and Bergholtz, E. J.},
  date = {2016-08-16},
  journaltitle = {Physical Review Letters},
  shortjournal = {Phys. Rev. Lett.},
  volume = {117},
  number = {8},
  eprint = {1604.08457},
  eprinttype = {arxiv},
  pages = {086401},
  issn = {0031-9007, 1079-7114},
  doi = {10.1103/PhysRevLett.117.086401},
  url = {http://arxiv.org/abs/1604.08457},
  urldate = {2022-02-04},
  archiveprefix = {arXiv},
  keywords = {Condensed Matter - Materials Science,Condensed Matter - Mesoscale and Nanoscale Physics}
}

@article{vanderwurffMagnetovorticalThermoelectricTransport2019,
  title = {Magnetovortical and Thermoelectric Transport in Tilted {{Weyl}} Metals},
  author = {van der Wurff, E. C. I. and Stoof, H. T. C.},
  options = {useprefix=true},
  date = {2019-07-11},
  journaltitle = {Physical Review B},
  shortjournal = {Phys. Rev. B},
  volume = {100},
  number = {4},
  pages = {045114},
  publisher = {{American Physical Society}},
  doi = {10.1103/PhysRevB.100.045114},
  url = {https://link.aps.org/doi/10.1103/PhysRevB.100.045114},
  urldate = {2022-03-04}
}

@article{volovikBlackHoleHawking2016,
  title = {Black Hole and Hawking Radiation by Type-{{II Weyl}} Fermions},
  author = {Volovik, G. E.},
  date = {2016-11-01},
  journaltitle = {JETP Letters},
  shortjournal = {Jetp Lett.},
  volume = {104},
  number = {9},
  pages = {645--648},
  issn = {1090-6487},
  doi = {10.1134/S0021364016210050},
  url = {https://doi.org/10.1134/S0021364016210050},
  urldate = {2022-06-09},
  langid = {english}
}

@article{volovikTopologicalLifshitzTransitions2017,
  title = {Topological {{Lifshitz}} Transitions},
  author = {Volovik, G. E.},
  date = {2017-01},
  journaltitle = {Low Temperature Physics},
  shortjournal = {Low Temperature Physics},
  volume = {43},
  number = {1},
  eprint = {1606.08318},
  eprinttype = {arxiv},
  primaryclass = {cond-mat},
  pages = {47--55},
  issn = {1063-777X, 1090-6517},
  doi = {10.1063/1.4974185},
  url = {http://arxiv.org/abs/1606.08318},
  urldate = {2022-06-08},
  archiveprefix = {arXiv},
  keywords = {Condensed Matter - Other Condensed Matter}
}

@unpublished{vozmedianoTheoreticalPhysicsColloquium2021,
  title = {Theoretical {{Physics Colloquium}} : {{Geometry}} and Anomalies in {{Dirac}} Matter},
  author = {Vozmediano, Maria A. H.},
  date = {2021-09-22},
  url = {https://www.youtube.com/watch?v=Zu2Rzd6rkVQ},
  urldate = {2022-06-06}
}

@article{wehlingDiracMaterials2014,
  title = {Dirac Materials},
  author = {Wehling, T.O. and Black-Schaffer, A.M. and Balatsky, A.V.},
  date = {2014-01-02},
  journaltitle = {Advances in Physics},
  shortjournal = {Advances in Physics},
  volume = {63},
  number = {1},
  pages = {1--76},
  issn = {0001-8732, 1460-6976},
  doi = {10.1080/00018732.2014.927109},
  url = {http://www.tandfonline.com/doi/abs/10.1080/00018732.2014.927109},
  urldate = {2021-09-07},
  langid = {english}
}

@article{wirzbaLectureAnomaliesInfinite,
  title = {Lecture on {{Anomalies}} and the {{Inﬁnite Hotel}}},
  author = {Wirzba, Andreas},
  pages = {75},
  langid = {english}
}

@article{wuTwoDimensionalGiantTunable2020,
  title = {Two-{{Dimensional Giant Tunable Rashba Semiconductors}} with {{Two-Atom-Thick Buckled Honeycomb Structure}}},
  author = {Wu, Kai and Chen, Jiajia and Ma, Huanhuan and Wan, Lingyun and Hu, Wei and Yang, Jinlong},
  date = {2020-12-24},
  journaltitle = {Nano Letters},
  shortjournal = {Nano Letters},
  volume = {21},
  doi = {10.1021/acs.nanolett.0c04429}
}

@article{yuPredictedUnusualMagnetoresponse2016,
  title = {Predicted {{Unusual Magnetoresponse}} in {{Type-II Weyl Semimetals}}},
  author = {Yu, Zhi-Ming and Yao, Yugui and Yang, Shengyuan A.},
  date = {2016-08-11},
  journaltitle = {Physical Review Letters},
  shortjournal = {Phys. Rev. Lett.},
  volume = {117},
  number = {7},
  pages = {077202},
  publisher = {{American Physical Society}},
  doi = {10.1103/PhysRevLett.117.077202},
  url = {https://link.aps.org/doi/10.1103/PhysRevLett.117.077202},
  urldate = {2022-02-04}
}

@book{zeeQuantumFieldTheory2010,
  title = {Quantum Field Theory in a Nutshell},
  author = {Zee, A.},
  date = {2010},
  series = {In a Nutshell},
  edition = {2nd ed},
  publisher = {{Princeton University Press}},
  location = {{Princeton, N.J}},
  isbn = {978-0-691-14034-6},
  pagetotal = {576},
  keywords = {Quantum field theory},
  annotation = {OCLC: ocn318585662}
}

@article{zhangLandauQuantizationTilted2021,
  title = {Landau Quantization in Tilted {{Weyl}} Semimetals with Broken Symmetry},
  author = {Zhang, Luojia and Jiang, Yuxuan and Smirnov, Dmitry and Jiang, Zhigang},
  date = {2021-03-14},
  journaltitle = {Journal of Applied Physics},
  shortjournal = {Journal of Applied Physics},
  volume = {129},
  number = {10},
  eprint = {2012.14846},
  eprinttype = {arxiv},
  pages = {105107},
  issn = {0021-8979, 1089-7550},
  doi = {10.1063/5.0042307},
  url = {http://arxiv.org/abs/2012.14846},
  urldate = {2022-02-17},
  archiveprefix = {arXiv},
  keywords = {Condensed Matter - Materials Science}
}

@preamble{ "\ifdefined\DeclarePrefChars\DeclarePrefChars{'’-}\else\fi " }

