@FOOTNOTE{Note1,key="Note1",note="We here chose the ``antisymmetric'' version for the broken inversion symmetry, where the cones tilt in the same direction with the same magnitude. Of course, many other choices also break inversion symmetry."}
@FOOTNOTE{Note2,key="Note2",note="TODO: add some discussion here or in appendix"}
@CONTROL{REVTEX42Control}
@CONTROL{apsrev42Control,author="08",editor="1",pages="0",title="0",year="1"}
